@book{talbi2009,
 author = {Talbi, E.},
 title = {{Metaheuristics: From Design to Implementation}},
 year = {2009},
 isbn = {0470278587, 9780470278581},
 publisher = {Wiley Publishing},
}

@book{cormen2001,
 author = {Cormen, T. and Stein, C. and Rivest, R. and Leiserson, C.},
 title = {Introduction to Algorithms},
 year = {2001},
 isbn = {0070131511},
 edition = {2nd},
 publisher = {McGraw-Hill Higher Education},
}

@book{pearl1984,
  title = {{Heuristics: Intelligent Search Strategies for Computer Problem
    Solving}},
  author = {Pearl, J.},
  isbn = {9780201055948},
  lccn = {lc83012217},
  series = {The Addison-Wesley Series in Artificial Intelligence},
  url = {\url{https://books.google.com/books?id=1HpQAAAAMAAJ}},
  year = {1984},
  publisher = {Addison-Wesley}
}

@incollection{igel2014,
  author = {Igel, C.},
  title = {{No Free Lunch Theorems: Limitations and Perspectives of
    Metaheuristics}},
  booktitle = {{Theory and Principled Methods for the Design of
    Metaheuristics}},
  chapter = 1,
  editor = {Borenstein, Y. and Moraglio, A.},
  address = {Copenhagen, Denmark},
  year = {2014},
  pages = {1-23},
  publisher = {Springer-Verlag}
}

@incollection{belfiore2008,
  author = {Belfiore, P. and Tsugunobu, H. and Yoshizaki, Y.},
  title = {{Scatter Search for Vehicle Routing Problem with Time Windows and
    Split Deliveries}},
  booktitle = {{Vehicle Routing Problem}},
  chapter = 1,
  editor = {Caric, T. and Gold, H.},
  isbn = {9789537619091},
  address = {Croatia},
  year = {2008},
  pages = {1-14},
  publisher = {In-Teh},
}

@article{lesson2,
 author = {Lamont, G.},
 title = {{CSCE 686 - Advanced Algorithm Design}: Lecture 2 Notes},
 note = {(Unpublished class notes). Air Force Institute of Technology},
 year = {2016},
}

@article{hw2,
 author = {Lamont, G.},
 title = {{CSCE 686 - Advanced Algorithm Design}: Homework 2},
 note = {(Unpublished class notes). Air Force Institute of Technology},
 year = {2016},
}

@article{hw4,
 author = {Lamont, G.},
 title = {{CSCE 686 - Advanced Algorithm Design}: Homework 4},
 note = {(Unpublished class notes). Air Force Institute of Technology},
 year = {2016},
}
    
@article{hw5,
 author = {Lamont, G.},
 title = {{CSCE 686 - Advanced Algorithm Design}: Homework 5},
 note = {(Unpublished class notes). Air Force Institute of Technology},
 year = {2016},
}
    
@article{hw6,
 author = {Lamont, G.},
 title = {{CSCE 686 - Advanced Algorithm Design}: Homework 6},
 note = {(Unpublished class notes). Air Force Institute of Technology},
 year = {2016},
}
    
@article{hw9,
 author = {Lamont, G.},
 title = {{CSCE 686 - Advanced Algorithm Design}: Homework 9},
 note = {(Unpublished class notes). Air Force Institute of Technology},
 year = {2016},
}
    
@unpublished{jordan2016,
 author = {Jordan, P. and Van Patten, C.},
 title = {{CSCE 686: Homework 5}},
 note = {(Unpublished class homework). Air Force Institute of Technology},
 month = apr,
 year = {2016}
}

@unpublished{pjcvphw6,
 author = {Jordan, P. and Van Patten, C.},
 title = {{CSCE 686: Homework 6}},
 note = {(Unpublished class homework). Air Force Institute of Technology},
 month = apr,
 year = {2016}
}

@unpublished{pjcvphw8,
 author = {Jordan, P. and Van Patten, C.},
 title = {{CSCE 686: Homework 8}},
 note = {(Unpublished class homework). Air Force Institute of Technology},
 month = may,
 year = {2016}
}

@article{lamontSyllabus,
 author = {Lamont, G.},
 title = {{CSCE 686 - Advanced Algorithm Design: ``A Course in Deterministic \&
   Stochastic Heristic/Metaheuristic Optimization'', Spring Quarter, 2016}},
 note = {(Unpublished class syllabus). Air Force Institute of Technology},
 year = {2016},
}

@article{lamontDesign,
 author = {Lamont, G.},
 title = {{CSCE 686 - Advanced Algorithm Design: Specific Disciplined Design
          Approach}},
 note = {(Unpublished class notes). Air Force Institute of Technology},
 year = {2016},
}

@article{lamontMIS,
 author = {Lamont, G.},
 title = {{CSCE 686 - Advanced Algorithm Design: MIS Global Depth-First-Search
          Back-Tracking Design}},
 note = {(Unpublished class notes). Air Force Institute of Technology},
 year = {2016},
}

@article{lamontSCP,
 author = {Lamont, G.},
 title = {{CSCE 686 - Advanced Algorithm Design: SCP/SPP Global
          Depth-First-Search Back-Tracking Design}},
 note = {(Unpublished class notes). Air Force Institute of Technology},
 year = {2016},
}

@article{lamontAstarEx,
 author = {Lamont, G.},
 title = {{CSCE 686 - Advanced Algorithm Design: A* Example}},
 note = {(Unpublished class notes). Air Force Institute of Technology},
 year = {2016},
}

@article{lamontBFS,
 author = {Lamont, G.},
 title = {{CSCE 686 - Advanced Algorithm Design: Best First Search with
   gs\_bfs}},
 note = {(Unpublished class notes). Air Force Institute of Technology},
 year = {2016},
}

@article{lamontSA,
 author = {Lamont, G.},
 title = {{CSCE 686 - Advanced Algorithm Design: Simulated Annealing}},
 note = {(Unpublished class slides). Air Force Institute of Technology},
 year = {2016},
}

@article{lamontSAGS,
 author = {Lamont, G.},
 title = {{CSCE 686 - Advanced Algorithm Design: Simulated Annealing (SA)
   Global Search}},
 note = {rev b. (Unpublished class notes). Air Force Institute of Technology},
 year = {2003},
}

@unpublished{stern2006,
 author = {Stern, T.},
title = {{Set Cover Problem (Chapter 2.1, 12)}},
 note = {(Unpublished class notes). Massachussetts Institute of Technology:
   Seminar in Theoretical Computer Science},
 month = feb,
 year = {2006}
}

@unpublished{lai2006,
 author = {Lai, K.},
title = {{The Knapsack Problem and Fully Polynomial Time Approximation
  Schemes (FPTAS)}},
 note = {(Unpublished class notes). Massachussetts Institute of Technology:
   Seminar in Theoretical Computer Science},
 month = mar,
 year = {2006}
}

@book{523textbook,
 title={{Artificial Intelligence: A Modern Approach (3rd edition)}},
 author={Russell, S. and Norvig, P.},
 year={2009},
 publisher={Prentice Hall}
}

@book{586textbook,
 author = {Kleinberg, J. and Tardos, E.},
 title = {{Algorithm Design}},
 year = {2005},
 isbn = {0321295358},
 publisher = {Addison-Wesley Longman Publishing Co., Inc.},
 address = {Boston, MA, USA},
}

@book{christofides1975,
 author = {Christofides, N.},
 isbn = {9780121743505},
 publisher = {Academic Press, Incorporated},
 series = {Computer Science and Applied Mathematics},
 title = {{Graph Theory: An Algorithmic Approach}},
 year = {1975}
}

@inproceedings{gouveia2007,
 title={Local search heuristics for the hop-constrained minimum spanning tree
        problem},
 author={Gouveia, L. and Paias, A. and Sharma, D.},
 booktitle={Proceedings of International Network Optimization Conference, Spa,
            Belgium},
 year={2007}
}

@article{manyem1996,
 title={Some approximation results in multicasting},
 author={Manyem, P. and Stallmann, M.},
 journal={North Carolina State University},
 year={1996},
 publisher={Citeseer}
}

@article{gouveia2009,
 title={Modeling hop-constrained and diameter-constrained minimum spanning tree
        problems as Steiner tree problems over layered graphs},
 author={Gouveia, L. and Simonetti, L. and Uchoa, E.},
 journal={Mathematical Programming},
 year={2009},
 volume={128},
 number={1},
 pages={123--148},
 issn={1436-4646},
}

@book{reingold1977,
  title = {{Combinatorial Algorithms: Theory and Practice}},
  author = {Reingold, E. M. and Nievergelt, J. and Deo, N.},
  isbn = {9780131524477},
  publisher = {Pearson Education Canada},
  year = {1977}
}

@book{williamson2011,
  title = {{The Design of Approximation Algorithms}},
  author = {Williamson, D. and Shmoys, D.},
  year = {2011},
  publisher = {{Cambridge University Press}}
}

@book{skiena1998,
  title = {The Algorithm Design Manual},
  author = {Skiena, S.},
  isbn = {9780387948607},
  lccn = {97020712},
  publisher = {Springer},
  series = {Computer Science: Algorithm Design},
  year = {1998},
  pages = {398--400}
}

@misc{graphprogram,
  title = {AFIT graphprogram},
  author = {Lamont, G. and Beard, A. and Holten, J. and Huson, M. and Johnson,
            M. and McNear, A. and Proicou, M. and Weber, T.},
  note = {Version 1.1},
 note = {(Unpublished source code). Air Force Institute of Technology},
  year = {2000}
}
    
@misc{src:scp,
  author = {Lamont, G. and Gleason, H.},
  title = {{AFIT SCP Solver, Version 3}},
  note = {(Unpublished source code). Air Force Institute of Technology},
  year = {2001}
}

@misc{src:scpv4,
  author = {Jordan, P. and Cooper, K.},
  title = {{AFIT SCP Solver, Version 4}},
  year = {2016}
}

@misc{src:jordanSMT,
  author = {Jordan, P. and Waner, S.},
  title = {{LPSolver.html}},
  year = {2016}
}

@article{stix2004,
 author = {Stix, V.},
 title = {Finding All Maximal Cliques in Dynamic Graphs},
 journal = {Comput. Optim. Appl.},
 issue_date = {February 2004},
 volume = {27},
 number = {2},
 month = feb,
 year = {2004},
 issn = {0926-6003},
 pages = {173--186},
 numpages = {14},
 url = {\url{http://dx.doi.org/10.1023/B:COAP.0000008651.28952.b6}},
 doi = {10.1023/B:COAP.0000008651.28952.b6},
 acmid = {960227},
 publisher = {Kluwer Academic Publishers},
 address = {Norwell, MA, USA},
 keywords = {dynamic graphs, fuzzy clustering, maximal clique},
} 

@Inbook{karp1972,
 author = {Karp, Richard M.},
 editor = {Miller, R. and Thatcher, J. and Bohlinger, J.},
 chapter = {Reducibility among Combinatorial Problems},
 title = {Complexity of Computer Computations: Proceedings of a symposium on the Complexity of Computer Computations, held March 20--22, 1972, at the IBM Thomas J. Watson Research Center, Yorktown Heights, New York, and sponsored by the Office of Naval Research, Mathematics Program, IBM World Trade Corporation, and the IBM Research Mathematical Sciences Department},
 year = {1972},
 publisher = {Springer US},
 address = {Boston, MA},
 pages = {85--103},
 isbn = {978-1-4684-2001-2},
 doi = {10.1007/978-1-4684-2001-2_9},
 url = {http://dx.doi.org/10.1007/978-1-4684-2001-2_9}
}

@misc{wiki:BestFS,
 author = {Wikipedia},
 title = {Best-First Search},
 year = {2016},
 url = {\url{https://en.wikipedia.org/wiki/Best-first_search}},
 note = {[Online; accessed 9-May-2016]}
}

@misc{wiki:VRP,
 author = {Wikipedia},
 title = {Vehicle Routing Problem},
 year = {2016},
 url = {\url{https://en.wikipedia.org/wiki/Vehicle_routing_problem}},
 note = {[Online; accessed 9-May-2016]}
}

@misc{wiki:MIS,
 author = {Wikipedia},
 title = {Maximal independent set},
 year = {2015},
 url = {\url{https://en.wikipedia.org/w/index.php?title=Maximal_independent_set\&oldid=69419736}},
 note = {[Online; accessed 20-April-2016]}
}

@misc{wiki:MSP,
 author = {Wikipedia},
 title = {Maximum Set Packing},
 year = {2015},
 url = {\url{https://en.wikipedia.org/wiki/Set_packing}},
 note = {[Online; accessed 5-May-2016]}
}


@misc{wiki:IS,
 author = {Wikipedia},
 title = {Independent set (graph theory)},
 year = {2016},
 url = {\url{https://en.wikipedia.org/w/index.php?title=Independent_set_(graph_theory)\&oldid=710979304}},
 note = {[Online; accessed 20-April-2016]}
}

@misc{wiki:clique,
 author = {Wikipedia},
 title = {Clique (graph theory)},
 year = {2016},
 url = {\url{https://en.wikipedia.org/w/index.php?title=Clique_(graph_theory)\&oldid=715233241}},
 note = {[Online; accessed 20-April-2016]}
}

@misc{wiki:nfl,
 author = {Wikipedia},
 title = {{No free lunch theorem --- Wikipedia{,} The Free Encyclopedia}},
 year = {2015},
 url = {\url{https://en.wikipedia.org/w/index.php?title=No_free_lunch_theorem\&oldid=684235482}},
 note = {[Online; accessed 20-April-2016]}
}

@misc{wiki:approxalg,
 author = {Wikipedia},
 title= {Approximation Algorithm --- Wikipedia{,} The Free Encyclopedia},
 year = {2015},
 url = {\url{https://en.wikipedia.org/wiki/Approximation_algorithm}},
 note = {[Online; accessed 24-April-2016]}
}

@misc{wiki:SCP,
 author = {Wikipedia},
 title = {{Set Cover Problem --- Wikipedia{,} The Free Encyclopedia}},
 year = {2016},
 url = {\url{https://en.wikipedia.org/wiki/Set_cover_problem#Greedy_algorithm}},
 note = {[Online; accessed 25-April-2016]}
}

@misc{wiki:SPP,
 author = {Wikipedia},
 title = {Partition problem --- Wikipedia{,} The Free Encyclopedia},
 year = {2016},
 url = {\url{https://en.wikipedia.org/w/index.php?title=Partition_problem}},
 note = {[Online; accessed 25-April-2016]}
 }

@misc{wiki:astar,
 author = {Wikipedia},
 title = {{A* search algorithm --- Wikipedia{,} The Free Encyclopedia}},
 year = {2015},
 url = {\url{https://en.wikipedia.org/w/index.php?title=A*_search_algorithm&oldid=720938687}},
 note = {[Online; accessed 14-May-2016]}
}

@misc{wiki:simplex,
 author = {Wikipedia},
 title = {Simplex Algorithm --- Wikipedia{,} The Free Encyclopedia},
 year = {2016},
 url = {\url{https://en.wikipedia.org/wiki/Simplex_algorithm}},
 note = {[Online; accessed 2-May-2016]}
 }

@misc{wiki:hamming,
 author = {Wikipedia},
 title = {{Hamming distance --- Wikipedia{,} The Free Encyclopedia}},
 year = {2016},
 url = {\url{https://en.wikipedia.org/w/index.php?title=Hamming_distance&oldid=717328289}},
 note = {[Online; accessed 2-May-2016]}
}

@misc{wiki:IP,
 author = {Wikipedia},
 title = {{Integer programming --- Wikipedia{,} The Free Encyclopedia}},
 year = {2016},
 url = {\url{https://en.wikipedia.org/w/index.php?title=Integer_programming&oldid=720504393}},
 note = {[Online; accessed 2-May-2016]}
}

@misc{wiki:aco,
 author = {Wikipedia},
 title = {{Ant colony optimization algorithms --- Wikipedia{,} The Free Encyclopedia}},
 year = {2016},
 url = {\url{https://en.wikipedia.org/w/index.php?title=Ant_colony_optimization_algorithms&oldid=720747366}},
 note = {[Online; accessed 2-May-2016]}
}

@misc{wiki:polyReduction,
 author = {Wikipedia},
 title = {{Polynomial-time reduction --- Wikipedia{,} The Free Encyclopedia}},
 year = {2016},
 url = {\url{https://en.wikipedia.org/w/index.php?title=Polynomial-time_reduction&oldid=649824703}},
 note = {[Online; accessed 14-May-2016]}
}

@misc{wiki:SA,
 author = {Wikipedia},
 title = {{Simulate annealing --- Wikipedia{,} The Free Encyclopedia}},
 year = {2016},
 url = {\url{https://en.wikipedia.org/w/index.php?title=Simulated_annealing&oldid=720383236}},
 note = {[Online; accessed 18-May-2016]}
}

@misc{wiki:metal,
 author = {Wikipedia},
 title = {{Annealing (metallurgy) --- Wikipedia{,} The Free Encyclopedia}},
 year = {2016},
 url = {\url{https://en.wikipedia.org/w/index.php?title=Annealing_(metallurgy)&oldid=721437800}},
 note = {[Online; accessed 18-May-2016]}
}

@inproceedings{das2010,
 author = {Das, A. and Mathieu, C.},
 title = {{A Quasi-polynomial Time Approximation Scheme for Euclidean
          Capacitated Vehicle Routing}},
 booktitle = {Proceedings of the Twenty-first Annual ACM-SIAM Symposium on
              Discrete Algorithms},
 series = {SODA '10},
 year = {2010},
 isbn = {978-0-898716-98-6},
 location = {Austin, Texas},
 pages = {390--403},
 numpages = {14},
 url = {\url{http://dl.acm.org/citation.cfm?id=1873601.1873634}},
 acmid = {1873634},
 publisher = {Society for Industrial and Applied Mathematics},
 address = {Philadelphia, PA, USA},
} 

@article{clarke1964,
 author = {G. Clarke and J. W. Wright},
 title = {Scheduling of Vehicles from a Central Depot to a Number of Delivery
          Points},
 journal = {Operations Research},
 volume = {12},
 number = {4},
 pages = {568-581},
 year = {1964},
 doi = {10.1287/opre.12.4.568},
 url = {\url{http://dx.doi.org/10.1287/opre.12.4.568}},
}

@standard{sobel2002,
 author = {J. Sobel},
 title = {{Linear Programming Notes III: A Simplex Algorithm Example}},
 organization = {Department of Economics},
 institution = {University of California, San Diego},
 year = {2002},
 url = {\url{http://econweb.ucsd.edu/~jsobel/172aw02/notes3.pdf}},
 note = {[Online; accessed 2-May-2016]}
}

@standard{lysgaard1997,
 author = {J. Lysgaard},
 title = {{Clarke \& Wright's Savings Algorithm}},
 organization = {Department of Management Science and Logistics},
 institution = {The Aarhus School of Business},
 month = sep,
 year = {1997},
 url = {http://pure.au.dk/portal-asb-student/files/36025757/Bilag_E_SAVINGSNOTE.pdf},
 note = {[Online; accessed 22-April-2016]}
}

@standard{magen2005,
 author = {A. Magen and C. Wu},
 title = {{CSC2411 - Linear Programming and Combinatorial Optimization* Lecture 4: Simplex Algorithm (Contd.)}},
 organization = {Dept of Computer Science},
 institution = {University of Toronto},
 month = feb,
 year = {2005},
 url = {\url{http://www.cs.toronto.edu/~avner/teaching/S5-2411/ln/lecture4.pdf}},
 note = {[Online; accessed 3-May-2016]}
}

@misc{github:setcover,
 author = {Steinegger, M.},
 title = {SetCover},
 year = {2014},
 publisher = {GitHub},
 journal = {GitHub repository},
 howpublished = {\url{https://github.com/martin-steinegger/setcover}},
 commit = {d2faaa74a1fa593527d808aa88cd4aaed2e44043}
}

@inproceedings{barr2001,
 title = {Guidelines for designing and reporting on computational experiments
          with heuristic methods},
 author = {Barr, R. and Golden, B. and Kelly, J. and Steward, W. and Resende,
           M.},
 booktitle = {Proceedings of International Conference on Metaheuristics for
              Optimization, Kluwer Publishing},
 pages = {1--17},
 year = {2001}
}

@inproceedings{bar1982,
 author = {Bar-Yehuda, R. and Even, S.},
 title = {On Approximating a Vertex Cover for Planar Graphs},
 booktitle = {Proceedings of the Fourteenth Annual ACM Symposium on Theory of Computing},
 series = {STOC '82},
 year = {1982},
 isbn = {0-89791-070-2},
 location = {San Francisco, California, USA},
 pages = {303--309},
 numpages = {7},
 url = {http://doi.acm.org/10.1145/800070.802205},
 doi = {10.1145/800070.802205},
 acmid = {802205},
 publisher = {ACM},
 address = {New York, NY, USA},
} 

@misc{waner2010,
 author = {Waner, S.},
 title = {{Simplex Method Tool}},
 url = {\url{http://www.zweigmedia.com/RealWorld/simplex.html}},
 urldate = {2016-05-02},
 year = {2010}
}

@phdthesis{bomdorfer1998,
  title={Aspects of set packing, partitioning, and covering},
  author={Bomd"\{o}rfer, R},
  year={1998},
  school={Doctoral dissertation, Ph. D. thesis, Technischen Universitat Berlin, Berlin, Germany}
}

@article{christofides1976vehicle,
  title={The vehicle routing problem},
  author={Christofides, N.},
  journal={Revue fran{\c{c}}aise d'automatique, d'informatique et de recherche op{\'e}rationnelle. Recherche op{\'e}rationnelle},
  volume={10},
  number={1},
  pages={55--70},
  year={1976}
} 
@article{toth2003,
 author = {Toth P. and Vigo, D.},
 title = {The Granular Tabu Search and Its Application to the Vehicle-Routing
 Problem},
 journal = {INFORMS Journal on Computing},
  volume = {15},
 number = {4},
 pages = {333-346},
 year = {2003},
 doi = {10.1287/ijoc.15.4.333.24890},
}

@article{kumar2012,
  title={{A Survey on the Vehicle Routing Problem and Its Variants}},
  author={Kumar, S. and Panneerselvam, R.},
  journal={Intelligent Information Management},
  volume={4},
  number={3},
  pages={66},
  year={2012},
  publisher={Scientific Research Publishing}
}

@Inbook{caserta2007,
  author = {Caserta, Marco},
  editor = {Doerner, Karl F.  and Gendreau, Michel and Greistorfer, Peter and
    Gutjahr, Walter and Hartl, Richard F.  and Reimann, Marc},
  chapter = {{Tabu Search-Based Metaheuristic Algorithm for Large-scale Set
    Covering Problems}},
  title = {{Metaheuristics: Progress in Complex Systems Optimization}},
  year = {2007},
  publisher = {Springer US},
  address = {Boston, MA},
  pages = {43--63},
  isbn = {978-0-387-71921-4},
  doi = {10.1007/978-0-387-71921-4_3},
  url = {http://dx.doi.org/10.1007/978-0-387-71921-4_3}
}

@misc{caillouet2010,
  author = {Caillouet, C.},
  title = {{Energy efficient point coverage problem using UAVs}},
  yeat = {2010}
}

@article{avellar2015,
  author = {Avellar, G. and Pereira, G. and Pimenta, L. and Iscold, P.},
  title = {{Multi-UAV Routing for Area Coverage and Remote Sensing with Minimum
    Time}},
  journal = {Sensors},
  volume = {15},
  number = {11},
  pages = {27783-27803},
  year = {2015},
  publisher = {Basel}
}

@article{sundar2013,
  author    = {Sundar, K. and Rathinam, S.},
  title     = {{Algorithms for Routing an Unmanned Aerial Vehicle in the presence
               of Refueling Depots}},
  journal   = {CoRR},
  volume    = {abs/1304.0494},
  year      = {2013},
  url       = {http://arxiv.org/abs/1304.0494},
}

@techreport{carlyle2007,
  title={{Routing military aircraft with a constrained shortest-path
    algorithm}},
  author={Carlyle, W. and Royset, J. and Wood, R.},
  year={2007},
  institution={DTIC Document}
}

@article{karakaya2014,
  author    = {Karakaya, M.},
  title     = {{UAV Route Planning For Maximum Target Coverage}},
  journal   = {CoRR},
  volume    = {abs/1403.2906},
  year      = {2014},
  url       = {http://arxiv.org/abs/1403.2906},
}

@inproceedings{quintero2010, 
 author={Quintero, S. and Papi, F. and Klein, D. and Chisci, L. and Hespanha,
   J.}, 
 booktitle={{49th IEEE Conference on Decision and Control (CDC)}},
 title={{Optimal UAV coordination for target tracking using dynamic
   programming}}, 
 year={2010}, 
 pages={4541-4546}, 
 doi={10.1109/CDC.2010.5717933}, 
 ISSN={0191-2216}, 
 month=dec,
}

@inproceedings{semsch2009,
  title={{Autonomous UAV surveillance in complex urban environments}},
  author={Semsch, E. and Jakob, M. and Pavl{\'\i}{\v{c}}ek, D. and
    P{\v{e}}chou{\v{c}}ek, M.},
  booktitle={Web Intelligence and Intelligent Agent Technologies, 2009. WI-IAT'09. IEEE/WIC/ACM International Joint Conferences on},
  volume={2},
  pages={82--85},
  year={2009},
  organization={IET}
}

@article{collet2007,
  title={{Stochastic optimization algorithms}},
  author={Collet, P. and Rennard, J.P.},
  journal={arXiv preprint arXiv:0704.3780},
  year={2007}
}
